@misc{scotgrid,
url = "{https://dune.monitoring.edi.scotgrid.ac.uk/app/dashboards#/view/7eb1cea0-ca5e-11ea-b9a5-15b75a959b33?_g=(filters:!(),refreshInterval:(pause:!t,value:0),time:(from:now-1d,to:now))}",
title = "{DUNE Rucio Storage Monitoring Site}",
author = "{Yuan, Wenlong}"
}

@misc{CCB2022,
url="{https://indico.fnal.gov/event/52519/}",
title = "{DUNE Computing Contributions Board Meeting for 2022}",
data = "2022-01-26",
author = "Clarke, Peter"
}

@misc{CCB2023,
url="{https://indico.fnal.gov/event/52519/}",
title = "{DUNE Computing Contributions Board Meeting for 2023}",
date = "2022-12-08",
author = "Clarke, Peter"
}

@misc{fifemonDUNE,
url="{https://fifemon.fnal.gov/kibana/goto/5ac70f9ccc22e447632c7276cea83ef5}",
title="{Kibana sum of slot hours for DUNE with MARS removed, Nov 1, 2021 to Oct 31, 2022}",
author = "Herner, Kenneth",
date = "2022-11-20"
}

@misc{EIG2022,
url="{https://accounting.egi.eu/wlcg/countries/elap_processors/COUNTRY/DATE/2021/11/2022/11/custom-biomed,dune/localinfrajobs/}",
title="{EIG accounting for DUNE wall-clock time, November 2021 to October 2022}",
date = "2022-11-20"
}
